<?xml version="1.0" encoding="UTF-8"?><record xmlns="http://www.loc.gov/MARC21/slim" xmlns:cinclude="http://apache.org/cocoon/include/1.0" xmlns:zs="http://www.loc.gov/zing/srw/">
  <leader>00507nz  a2200133n  4500</leader>
  <controlfield tag="001">no 97032788 </controlfield>
  <controlfield tag="003">DLC</controlfield>
  <controlfield tag="005">19970529053241.6</controlfield>
  <controlfield tag="008">970528n| acannaab|          |n aaa     c</controlfield>
  <datafield tag="010" ind1=" " ind2=" ">
    <subfield code="a">no 97032788 </subfield>
  </datafield>
  <datafield tag="035" ind1=" " ind2=" ">
    <subfield code="a">(OCoLC)oca04350112 </subfield>
  </datafield>
  <datafield tag="040" ind1=" " ind2=" ">
    <subfield code="a">WaU</subfield>
    <subfield code="c">WaU</subfield>
  </datafield>
  <datafield tag="100" ind1="1" ind2="0">
    <subfield code="a">O'Neill, P.</subfield>
    <subfield code="q">(Paul),</subfield>
    <subfield code="d">1957-</subfield>
  </datafield>
  <datafield tag="670" ind1=" " ind2=" ">
    <subfield code="a">Populations, movements, and site fidelity of brown and masked boobies ... 1996:</subfield>
    <subfield code="b">t.p. (P. O'Neill; Queensland Dept. of Environment, Rockhampton Shopping Fair, Qld.) Aus. CIP (hdg.: O'Neill, P. (Paul), 1957-)</subfield>
  </datafield>
</record>